
@article{Kokkotas_2008,
   title={Gravitational Wave Astronomy},
   ISBN={9783527408207},
   url={http://dx.doi.org/10.1002/9783527622993.ch7},
   DOI={10.1002/9783527622993.ch7},
   journal={Reviews in Modern Astronomy},
   publisher={Wiley-VCH Verlag GmbH & Co. KGaA},
   author={Kokkotas, Konstantinos D.},
   year={2008},
   month={11},
   pages={140–166}
}


@article{Abbott_2009,
   title={LIGO: the Laser Interferometer Gravitational-Wave Observatory},
   volume={72},
   ISSN={1361-6633},
   url={http://dx.doi.org/10.1088/0034-4885/72/7/076901},
   DOI={10.1088/0034-4885/72/7/076901},
   number={7},
   journal={Reports on Progress in Physics},
   publisher={IOP Publishing},
   author={Abbott, B P and Abbott, R and Adhikari, R and Ajith, P and Allen, B and Allen, G and Amin, R S and Anderson, S B and Anderson, W G and Arain, M A and et al.},
   year={2009},
   month={6},
   pages={076901}
}


@article{Hammond_2014,
   title={Advanced technologies for future ground-based, laser-interferometric gravitational wave detectors},
   volume={61},
   ISSN={1362-3044},
   url={http://dx.doi.org/10.1080/09500340.2014.920934},
   DOI={10.1080/09500340.2014.920934},
   number={sup1},
   journal={Journal of Modern Optics},
   publisher={Informa UK Limited},
   author={Hammond, Giles and Hild, Stefan and Pitkin, Matthew},
   year={2014},
   month={6},
   pages={S10–S45}
}

@article{Calloni:2017whl,
    author = "Calloni, E.",
    editor = "Aramo, C. and Buscemi, M. and Caruso, R. and Colalillo, R. and Guarino, F. and Insolia, A. and Valore, L.",
    collaboration = "LIGO Scientific, Virgo",
    title = "{Introduction to gravitational wave detection and Advanced Virgo Status and perspectives}",
    doi = "10.1016/j.nuclphysbps.2017.06.026",
    journal = "Nucl. Part. Phys. Proc.",
    volume = "291-293",
    pages = "127--133",
    year = "2017"
}

@article{2015,
   title={Advanced LIGO},
   volume={32},
   ISSN={1361-6382},
   url={http://dx.doi.org/10.1088/0264-9381/32/7/074001},
   DOI={10.1088/0264-9381/32/7/074001},
   number={7},
   journal={Classical and Quantum Gravity},
   publisher={IOP Publishing},
   author={Aasi, J and Abbott, B P and Abbott, R and Abbott, T and Abernathy, M R and Ackley, K and Adams, C and Adams, T and Addesso, P and et al.},
   year={2015},
   month={3},
   pages={074001}
}


@article{Dimopoulos_2008,
   title={Atomic gravitational wave interferometric sensor},
   volume={78},
   ISSN={1550-2368},
   url={http://dx.doi.org/10.1103/PhysRevD.78.122002},
   DOI={10.1103/physrevd.78.122002},
   number={12},
   journal={Physical Review D},
   publisher={American Physical Society (APS)},
   author={Dimopoulos, Savas and Graham, Peter W. and Hogan, Jason M. and Kasevich, Mark A. and Rajendran, Surjeet},
   year={2008},
   month={12}
}











@article{Jennrich_2009,
   title={LISA
                    technology and instrumentation},
   volume={26},
   ISSN={1361-6382},
   url={http://dx.doi.org/10.1088/0264-9381/26/15/153001},
   DOI={10.1088/0264-9381/26/15/153001},
   number={15},
   journal={Classical and Quantum Gravity},
   publisher={IOP Publishing},
   author={Jennrich, O},
   year={2009},
   month={7},
   pages={153001}
}




@phdthesis{Izumi:203yfa,
    author = "Izumi, Kiwamu",
    title = "{Multi-Color Interferometry for Lock Acquisition of Laser Interferometric Gravitational-wave Detectors}",
    school = "Tokyo U.",
    year = "2012"
}

@phdthesis{phdthesis,
author = {Wei, Li-Wei},
year = {2015},
month = {12},
pages = {},
title = {High-power laser system for Advanced Virgo gravitational wave detector : coherently combined master oscillator fiber power amplifiers}
}


@article{article,
author = {Winkelmann, Lutz and Puncken, Oliver and Kluzik, R. and Veltkamp, C. and Kwee, P. and Poeld, J. and Bogan, Christina and Willke, Benno and Frede, Maik and Neumann, J. and Wessels, P. and Kracht, D.},
year = {2011},
month = {03},
pages = {529-538},
title = {Injection-locked single-frequency laser with an output power of 220 W},
volume = {102},
journal = {Applied Physics B},
doi = {10.1007/s00340-011-4411-9}
}


@article{article1,
author = {Frede, Maik and Schulz, Bastian and Wilhelm, Ralf and Kwee, Patrick and Seifert, Frank and Willke, Benno and Kracht, Dietmar},
year = {2007},
month = {02},
pages = {459-65},
title = {Fundamental mode, single-frequency laser amplifier for gravitational wave detectors},
volume = {15},
journal = {Optics express},
doi = {10.1364/OE.15.000459}
}


@phdthesis{Pold:2014qzc,
      author         = "Põld, Jan Hendrik",
      title          = "{Design, implementation and characterization of the
                        advanced LIGO 200 W laser system}",
      school         = "Leibniz U., Hannover",
      year           = "2014",
      doi            = "10.15488/8345",
      SLACcitation   = "%%CITATION = INSPIRE-1788028;%%"
}

@article{article3,
author = {Kwee, P and Bogan, Christina and Danzmann, Karsten and Frede, Maik and Kim, Hyeoksu and King, P and Pöld, J and Puncken, Oliver and Savage, R and Seifert, F. and Wessels, P and Winkelmann, Lutz and Willke, Benno},
year = {2012},
month = {05},
pages = {10617-34},
title = {Stabilized high-power laser system for the gravitational wave detector Advanced LIGO},
volume = {20},
journal = {Optics express},
doi = {10.1364/OE.20.010617}
}


@article{article4,
author = {Adhikari, Rana},
year = {2006},
month = {11},
pages = {},
title = {Sensitivity and noise analysis of 4 km laser interferometric gravitational wave antennae}
}

@article{article5,
author = {Finn, Lee},
year = {2008},
month = {10},
pages = {},
title = {Response of interferometric gravitational wave detectors},
volume = {79},
journal = {Physical Review D},
doi = {10.1103/PhysRevD.79.022002}
}

@article{article6,
author = {Kawabe , Keita },
year = {1998},
month = {11},
pages = {},
title = {Development of a 3-meter Fabry-Perot-Michelson}
}

@article{Freise_2010,
   title={Interferometer Techniques for Gravitational-Wave Detection},
   volume={13},
   ISSN={1433-8351},
   url={http://dx.doi.org/10.12942/lrr-2010-1},
   DOI={10.12942/lrr-2010-1},
   number={1},
   journal={Living Reviews in Relativity},
   publisher={Springer Science and Business Media LLC},
   author={Freise, Andreas and Strain, Kenneth},
   year={2010},
   month={2}
}

@article{article7,
author = {Folkner, William and Seidel, David},
year = {2005},
month = {08},
pages = {},
title = {Gravitational Wave Missions from LISA to Big Bang Observer},
doi = {10.2514/6.2005-6711}
}


@article{Danzmann_1996,
	doi = {10.1088/0264-9381/13/11a/033},
	url = {https://doi.org/10.1088%2F0264-9381%2F13%2F11a%2F033},
	year = 1996,
	month = {11},
	publisher = {{IOP} Publishing},
	volume = {13},
	number = {11A},
	pages = {A247--A250},
	author = {Karsten Danzmann and the LISA study team},
	title = {{LISA}: laser interferometer space antenna for gravitational wave measurements},
	journal = {Classical and Quantum Gravity},
}


@article{Aguiar_2010,
   title={Past, present and future of the Resonant-Mass gravitational wave detectors},
   volume={11},
   ISSN={1674-4527},
   url={http://dx.doi.org/10.1088/1674-4527/11/1/001},
   DOI={10.1088/1674-4527/11/1/001},
   number={1},
   journal={Research in Astronomy and Astrophysics},
   publisher={IOP Publishing},
   author={Aguiar, Odylio Denys},
   year={2010},
   month={12},
   pages={1–42}
}

@article{Frede:07,
author = {Maik Frede and Bastian Schulz and Ralf Wilhelm and Patrick Kwee and Frank Seifert and Benno Willke and Dietmar Kracht},
journal = {Opt. Express},
keywords = {Lasers, solid-state; Optical amplifiers; High power lasers; Laser amplifiers; Laser modes; Laser sources; Laser systems; Light beams},
number = {2},
pages = {459--465},
publisher = {OSA},
title = {Fundamental mode, single-frequency laser amplifier for gravitational wave detectors},
volume = {15},
month = {1},
year = {2007},
url = {http://www.opticsexpress.org/abstract.cfm?URI=oe-15-2-459},
doi = {10.1364/OE.15.000459},
}

 @manual{Liu:2007,
      title  = "Diffractive Combiner of Single-Mode Pump Laser-Diode Beams",
      author = "Duncan Liu",
      url    = "https://www.techbriefs.com/component/content/article/tb/supplements/ptb/briefs/11623#",
      year   = "2007"
    }
    
    

@article{article8,
   title={Prospects for Precise Measurements with Echo Atom Interferometry},
   volume={4},
   ISSN={2218-2004},
   url={http://dx.doi.org/10.3390/atoms4030019},
   DOI={10.3390/atoms4030019},
   number={3},
   journal={Atoms},
   publisher={MDPI AG},
   author={Barrett, Brynle and Carew, Adam and Beica, Hermina and Vorozcovs, Andrejs and Pouliot, Alexander and Kumarakrishnan, A.},
   year={2016},
   month={6},
   pages={19}
}


 @manual{Bertolini:2017,
      title  = "The most precise distance measurement ever made",
      author = "Alessandro Bertolini",
      url    = "https://www.nikhef.nl/~z66/ASML-26APR2018/Alessandro-Bertolini_2017.pdf",
      year   = "2017"
    }
    
@phdthesis{phdthesis3,
author = {Schuldt, Thilo},
year = {2010},
month = {12},
pages = {},
title = {An optical readout for the LISA gravitational reference sensor}
}

@phdthesis{phdthesis4,
author = {Masaki, Ando},
year = {1998},
month = {12},
pages = {},
title = {Power recycling for an interferometric gravitational wave
detector}
}